@book{lit:nano:Guimares2017,
	doi = {10.1007/978-3-319-59409-5},
	url = {https://doi.org/10.1007/978-3-319-59409-5},
	year  = {2017},
	publisher = {Springer International Publishing},
	author = {Alberto P. Guimar{\~{a}}es},
	title = {Principles of Nanomagnetism}
}


@manual{lit:sim:datasheet:50nm,
	author = {micromod Partikeltechnologie GmbH},
	title = {TECHNICAL DATA SHEET - nanomag®-D-spio 50nm},
	date = {2018}
}

@thesis{lit:Helou,
	author = {Michael Helou},
	title = {Magnetic Flow Cytometry},
	type = {Ph.D. Thesis},
	institution = {Christian-Albrechts-Universität zu Kiel},
	date = {2014},
	OPTlocation = {Kiel}
}

@article{lit:fluidics:plasma_treatment,
	author = {Michael J. Owen  and  Patrick J. Smith },
	title = {Plasma treatment of polydimethylsiloxane},
	journal = {Journal of Adhesion Science and Technology},
	volume = {8},
	number = {10},
	pages = {1063-1075},
	year  = {1994},
	publisher = {Taylor & Francis},
	doi = {10.1163/156856194X00942},
	URL = {https://doi.org/10.1163/},
	eprint = {https://doi.org/10.1163/156856194X00942}	
}

@book{lit:nano:magnetism,
	doi = {10.1007/978-3-642-22977-0},
	url = {https://doi.org/10.1007/978-3-642-22977-0},
	year  = {2012},
	publisher = {Springer Berlin Heidelberg},
	author = {Carmen-Gabriela Stefanita},
	title = {Magnetism}
}


@book{lit:nano:physicsmagneticmaterials,
	doi = {10.1007/b100503},
	url = {https://doi.org/10.1007/b100503},
	year  = {2003},
	publisher = {Springer {US}},
	author = {K. H. J. Buschow and F. R. de Boer},
	title = {Physics of Magnetism and Magnetic Materials}
}


@article{lit:nano:nanoparticle_magnetism,
	doi = {10.1016/j.nantod.2009.08.006},
	url = {https://doi.org/10.1016/j.nantod.2009.08.006},
	year  = {2009},
	month = oct,
	publisher = {Elsevier {BV}},
	volume = {4},
	number = {5},
	pages = {438--447},
	author = {Georgia C. Papaefthymiou},
	title = {Nanoparticle magnetism},
	journal = {Nano Today}
}


@article{lit:fluidic:microfluidics_review,
	doi = {10.1088/0960-1317/3/4/002},
	url = {https://doi.org/10.1088/0960-1317/3/4/002},
	year  = {1993},
	month = dec,
	publisher = {{IOP} Publishing},
	volume = {3},
	number = {4},
	pages = {168--182},
	author = {P Gravesen and J Branebjerg and O S Jensen},
	title = {Microfluidics-a review},
	journal = {Journal of Micromechanics and Microengineering}
}

@article{lit:chem:Dressick,
	title={Covalent Binding of Pd Catalysts to Ligating Self‐Assembled Monolayer Films for Selective Electroless Metal Deposition},
	volume={141},
	ISSN={0013-4651},
	DOI={10.1149/1.2054686},
	number={1},
	journal={Journal of the Electrochemical Society},
	publisher={Journal of the Electrochemical Society},
	author={Dressick, Walter J. and Dulcey, Charles S. and Georger, Jacque H. and Calabrese, Gary S. and Calvert, Jeffrey M.},
	year={1994},
	pages={210–220}}

@article{lib:chem:Anti-EpCAM-PAA,
	author = {Andree, K. C. and Barradas, A. M. and Nguyen, A. T. and Mentink, A. and Stojanovic, I. and Baggerman, J. and van Dalum, J. and van Rijn, C. J. and Terstappen, L. W.},
	title = {Capture of Tumor Cells on Anti-EpCAM-Functionalized Poly(acrylic acid)-Coated Surfaces},
	journal = {ACS Appl Mater Interfaces},
	volume = {8},
	number = {23},
	pages = {14349-56},
	ISSN = {1944-8252 (Electronic)
	1944-8244 (Linking)},
	DOI = {10.1021/acsami.6b01241},
	url = {https://www.ncbi.nlm.nih.gov/pubmed/27187784},
	year = {2016},
	type = {Journal Article}
}

